@online{arpav,
    title   = {ARPAV Meteo},
    url     = {http://www.arpa.veneto.it/}
}

@online{meteo,
    title   = {Meteo Veneto Bot},
    url     = {https://www.smshosting.it/it/blog/chatbot/il-primo-chatbot-sul-meteo-veneto-e-dolomiti}
}
